@article{7492197,
  author  = {Gao, Yue and Zhen, Yi and Li, Haojie and Chua, Tat-Seng},
  journal = {IEEE Transactions on Multimedia},
  title   = {Filtering of Brand-Related Microblogs Using Social-Smooth Multiview Embedding},
  year    = {2016},
  volume  = {18},
  number  = {10},
  pages   = {2115-2126},
  doi     = {10.1109/TMM.2016.2581483}
}

@inproceedings{jin2020open,
  title={The Open Brands Dataset: Unified brand detection and recognition at scale},
  author={Jin, Xuan and Su, Wei and Zhang, Rong and He, Yuan and Xue, Hui},
  booktitle={ICASSP 2020-2020 IEEE International Conference on Acoustics, Speech and Signal Processing (ICASSP)},
  pages={4387--4391},
  year={2020},
  organization={IEEE}
}

@article{cheng2017video,
  title={Video eCommerce++: Toward large scale online video advertising},
  author={Cheng, Zhi-Qi and Wu, Xiao and Liu, Yang and Hua, Xian-Sheng},
  journal={IEEE transactions on multimedia},
  volume={19},
  number={6},
  pages={1170--1183},
  year={2017},
  publisher={IEEE}
}

@inproceedings{mata2022standardsim,
  title={StandardSim: A Synthetic Dataset for Retail Environments},
  author={Mata, Cristina and Locascio, Nick and Sheikh, Mohammed Azeem and Kihara, Kenny and Fischetti, Dan},
  booktitle={International Conference on Image Analysis and Processing},
  pages={65--76},
  year={2022},
  organization={Springer}
}

@inproceedings{fehervari2019scalable,
  title={Scalable logo recognition using proxies},
  author={Feh{\'e}rv{\'a}ri, Istv{\'a}n and Appalaraju, Srikar},
  booktitle={2019 IEEE Winter Conference on Applications of Computer Vision (WACV)},
  pages={715--725},
  year={2019},
  organization={IEEE}
}

@inproceedings{doermann1993logo,
  title={Logo recognition using geometric invariants},
  author={Doermann, David S and Rivlin, Ehud and Weiss, Isaac},
  booktitle={Proceedings of 2nd International Conference on Document Analysis and Recognition (ICDAR'93)},
  pages={894--897},
  year={1993},
  organization={IEEE}
}

@inproceedings{li2022seetek,
  title={SeeTek: Very Large-Scale Open-set Logo Recognition with Text-Aware Metric Learning},
  author={Li, Chenge and Feh{\'e}rv{\'a}ri, Istv{\'a}n and Zhao, Xiaonan and Macedo, Ives and Appalaraju, Srikar},
  booktitle={Proceedings of the IEEE/CVF Winter Conference on Applications of Computer Vision},
  pages={2544--2553},
  year={2022}
}

@inproceedings{fehervari2019scalable,
  title={Scalable logo recognition using proxies},
  author={Feh{\'e}rv{\'a}ri, Istv{\'a}n and Appalaraju, Srikar},
  booktitle={2019 IEEE Winter Conference on Applications of Computer Vision (WACV)},
  pages={715--725},
  year={2019},
  organization={IEEE}
}

@article{masana2020class,
  title={Class-incremental learning: survey and performance evaluation on image classification},
  author={Masana, Marc and Liu, Xialei and Twardowski, Bartlomiej and Menta, Mikel and Bagdanov, Andrew D and van de Weijer, Joost},
  journal={arXiv preprint arXiv:2010.15277},
  year={2020}
}

@inproceedings{wu2019large,
  title={Large scale incremental learning},
  author={Wu, Yue and Chen, Yinpeng and Wang, Lijuan and Ye, Yuancheng and Liu, Zicheng and Guo, Yandong and Fu, Yun},
  booktitle={Proceedings of the IEEE/CVF Conference on Computer Vision and Pattern Recognition},
  pages={374--382},
  year={2019}
}

@article{thrun1995lifelong,
  title={Lifelong robot learning},
  author={Thrun, Sebastian and Mitchell, Tom M},
  journal={Robotics and autonomous systems},
  volume={15},
  number={1-2},
  pages={25--46},
  year={1995},
  publisher={Elsevier}
}

@inproceedings{li2017incremental,
  title={An incremental face recognition system based on deep learning},
  author={Li, Lufan and Jun, Zhang and Fei, Jiawei and Li, Shuohao},
  booktitle={2017 Fifteenth IAPR international conference on machine vision applications (MVA)},
  pages={238--241},
  year={2017},
  organization={IEEE}
}

@inproceedings{pierre2018incremental,
  title={Incremental lifelong deep learning for autonomous vehicles},
  author={Pierre, John M},
  booktitle={2018 21st international conference on intelligent transportation systems (ITSC)},
  pages={3949--3954},
  year={2018},
  organization={IEEE}
}

@article{french1999catastrophic,
  title={Catastrophic forgetting in connectionist networks},
  author={French, Robert M},
  journal={Trends in cognitive sciences},
  volume={3},
  number={4},
  pages={128--135},
  year={1999},
  publisher={Elsevier}
}

@article{mermillod2013stability,
  title={The stability-plasticity dilemma: Investigating the continuum from catastrophic forgetting to age-limited learning effects},
  author={Mermillod, Martial and Bugaiska, Aur{\'e}lia and Bonin, Patrick},
  journal={Frontiers in psychology},
  volume={4},
  pages={504},
  year={2013},
  publisher={Frontiers}
}

@article{grossberg2013adaptive,
  title={Adaptive Resonance Theory: How a brain learns to consciously attend, learn, and recognize a changing world},
  author={Grossberg, Stephen},
  journal={Neural networks},
  volume={37},
  pages={1--47},
  year={2013},
  publisher={Elsevier}
}

@article{bianco2017deep,
  title={Deep learning for logo recognition},
  author={Bianco, Simone and Buzzelli, Marco and Mazzini, Davide and Schettini, Raimondo},
  journal={Neurocomputing},
  volume={245},
  pages={23--30},
  year={2017},
  publisher={Elsevier}
}

@software{glenn_jocher_2021_5563715,
  author       = {Glenn Jocher et. al.},
  title        = {{ultralytics/yolov5: v6.1 - TensorRT, TensorFlow Edge TPU and OpenVINO Export and Inference}},
  month        = feb,
  year         = 2022,
  publisher    = {Zenodo},
  version      = {v6.1},
  doi          = {10.5281/zenodo.6222936},
  url          = {https://doi.org/10.5281/zenodo.6222936}
}